@article{Mount:2009aa,
      author         = "Mount, Richard and others",
      title          = "{Data Preservation in High Energy Physics}",
      collaboration  = "DPHEP Study Group",
      year           = "2009",
      eprint         = "0912.0255",
      archivePrefix  = "arXiv",
      primaryClass   = "hep-ex",
      reportNumber   = "SLAC-R-987, DPHEP-2009-001, FERMILAB-PUB-09-856-CD",
      SLACcitation   = "%%CITATION = ARXIV:0912.0255;%%"
}

@article{Buckley:2010jn,
      author         = "Buckley, Andy and Whalley, Mike",
      title          = "{HepData reloaded: Reinventing the HEP data archive}",
      booktitle      = "{Proceedings, 13th International Workshop on Advanced
                        computing and analysis techniques in physics research
                        (ACAT2010): Jaipur, India, February 22-27, 2010}",
      journal        = "PoS",
      volume         = "ACAT2010",
      year           = "2010",
      pages          = "067",
      eprint         = "1006.0517",
      archivePrefix  = "arXiv",
      primaryClass   = "hep-ex",
      SLACcitation   = "%%CITATION = ARXIV:1006.0517;%%"
}

@article{Buckley:2007hi,
      author         = "Buckley, Andy",
      title          = "{CEDAR: Tools for event generator tuning}",
      booktitle      = "{Proceedings, 11th International Workshop on Advanced
                        computing and analysis techniques in physics research
                        (ACAT 2007): Amsterdam, Netherlands, April 23-27, 2007}",
      journal        = "PoS",
      volume         = "ACAT2007",
      year           = "2007",
      pages          = "050",
      eprint         = "0708.2655",
      archivePrefix  = "arXiv",
      primaryClass   = "hep-ph",
      SLACcitation   = "%%CITATION = ARXIV:0708.2655;%%"
}

@article{Buckley:2010ar,
      author         = "Buckley, Andy and others",
      title          = "{Rivet user manual}",
      collaboration  = "Rivet",
      journal        = "Comput. Phys. Commun.",
      volume         = "184",
      year           = "2013",
      pages          = "2803-2819",
      doi            = "10.1016/j.cpc.2013.05.021",
      eprint         = "1003.0694",
      archivePrefix  = "arXiv",
      primaryClass   = "hep-ph",
      reportNumber   = "MCNET-10-03",
      SLACcitation   = "%%CITATION = ARXIV:1003.0694;%%"
}

@article{Szostak:2055193,
      author        = "Szostak, Michal Florian",
      title         = "{HEPData Converter Library and Tools}",
      month         = "Sep",
      year          = "2015",
      reportNumber  = "CERN-STUDENTS-Note-2015-228",
      url           = "https://cds.cern.ch/record/2055193",
}

@misc{matteo_bonanomi_2016_197109,
  author       = {Matteo Bonanomi and Matteo Marcoli},
  year         = 2016,
  doi          = {10.5281/zenodo.197109},
  url          = {https://doi.org/10.5281/zenodo.197109}
}

@misc{Cranmer:1456844,
      author        = "Cranmer, Kyle and others",
      year          = "2012",
      reportNumber  = "CERN-OPEN-2012-016",
      url           = "https://cds.cern.ch/record/1456844",
}
